<record><leader>00000cas a2200000   4500</leader><controlfield tag="001">3969591</controlfield><controlfield tag="008">780613c19uu9999ohuwr ne      0   a0eng d</controlfield><controlfield tag="009">119</controlfield><datafield ind1=" " ind2=" " tag="010"><subfield code="a">sn 78004635 </subfield></datafield><datafield ind1=" " ind2=" " tag="040"><subfield code="a">COO</subfield><subfield code="b">eng</subfield><subfield code="c">COO</subfield><subfield code="d">NSD</subfield><subfield code="d">OCL</subfield><subfield code="d">OCLCQ</subfield></datafield><datafield ind1=" " ind2=" " tag="012"><subfield code="k">1</subfield><subfield code="l">1</subfield><subfield code="m">1</subfield></datafield><datafield ind1="1" ind2=" " tag="022"><subfield code="a">0003-617X</subfield><subfield code="l">0003-617X</subfield><subfield code="2">1</subfield></datafield><datafield ind1=" " ind2=" " tag="032"><subfield code="a">027400</subfield><subfield code="b">USPS</subfield></datafield><datafield ind1=" " ind2=" " tag="042"><subfield code="a">nsdp</subfield></datafield><datafield ind1=" " ind2="0" tag="222"><subfield code="a">Antwerp bee-argus</subfield></datafield><datafield ind1="0" ind2="0" tag="245"><subfield code="a">Antwerp bee-argus.</subfield></datafield><datafield ind1=" " ind2=" " tag="260"><subfield code="a">Antwerp, Ohio,</subfield><subfield code="b">Antwerp Bee-argus.</subfield></datafield><datafield ind1=" " ind2=" " tag="936"><subfield code="a">Sept. 1978</subfield></datafield></record>